<record><leader>00000cas a22000007a 4500</leader><controlfield tag="001">11175854</controlfield><controlfield tag="008">840920d18711899inuwr ne      0    0eng d</controlfield><datafield ind1=" " ind2=" " tag="010"><subfield code="a">sn 84038008 </subfield></datafield><datafield ind1=" " ind2=" " tag="040"><subfield code="a">NPX</subfield><subfield code="b">eng</subfield><subfield code="c">NPX</subfield><subfield code="d">NPI</subfield><subfield code="d">OCLCQ</subfield><subfield code="d">IUL</subfield><subfield code="d">OCLCF</subfield></datafield><datafield ind1=" " ind2=" " tag="042"><subfield code="a">msc</subfield></datafield><datafield ind1=" " ind2=" " tag="043"><subfield code="a">n-us-in</subfield></datafield><datafield ind1="0" ind2=" " tag="130"><subfield code="a">Princeton clarion (Princeton, Ind. : 1871)</subfield></datafield><datafield ind1="1" ind2="0" tag="245"><subfield code="a">Princeton clarion.</subfield></datafield><datafield ind1=" " ind2=" " tag="260"><subfield code="a">Princeton, Ind. :</subfield><subfield code="b">A.J. Calkins,</subfield><subfield code="c">1871-1899.</subfield></datafield><datafield ind1=" " ind2=" " tag="300"><subfield code="a">v. :</subfield><subfield code="b">ill. ;</subfield><subfield code="c">60 cm.</subfield></datafield><datafield ind1=" " ind2=" " tag="310"><subfield code="a">Weekly</subfield></datafield><datafield ind1="0" ind2=" " tag="362"><subfield code="a">Vol. 25, no. 2 (Oct. 19, 1871)-v. 52, no. 36 (Apr. 13, 1899).</subfield></datafield><datafield ind1=" " ind2="0" tag="651"><subfield code="a">Princeton (Ind.)</subfield><subfield code="v">Newspapers.</subfield></datafield><datafield ind1=" " ind2="0" tag="651"><subfield code="a">Gibson County (Ind.)</subfield><subfield code="v">Newspapers.</subfield></datafield><datafield ind1=" " ind2="7" tag="651"><subfield code="a">Indiana</subfield><subfield code="z">Gibson County.</subfield><subfield code="2">fast</subfield><subfield code="0">(OCoLC)fst01204272</subfield></datafield><datafield ind1=" " ind2="7" tag="651"><subfield code="a">Indiana</subfield><subfield code="z">Princeton.</subfield><subfield code="2">fast</subfield><subfield code="0">(OCoLC)fst01218146</subfield></datafield><datafield ind1=" " ind2="7" tag="655"><subfield code="a">Newspapers.</subfield><subfield code="2">fast</subfield><subfield code="0">(OCoLC)fst01423814</subfield></datafield><datafield ind1=" " ind2=" " tag="752"><subfield code="a">United States</subfield><subfield code="b">Indiana</subfield><subfield code="c">Gibson</subfield><subfield code="d">Princeton.</subfield></datafield><datafield ind1="0" ind2=" " tag="775"><subfield code="t">Princeton daily clarion (Princeton, Ind. : 1897)</subfield><subfield code="w">(DLC)sn 86058818</subfield><subfield code="w">(OCoLC)14557809</subfield></datafield><datafield ind1="0" ind2="0" tag="780"><subfield code="t">Princeton union clarion</subfield><subfield code="w">(DLC)sn 84038010</subfield><subfield code="w">(OCoLC)11175946</subfield></datafield><datafield ind1="0" ind2="7" tag="785"><subfield code="t">Gibson County leader</subfield><subfield code="w">(DLC)sn 86058816</subfield><subfield code="w">(OCoLC)14557791</subfield></datafield><datafield ind1="0" ind2="7" tag="785"><subfield code="t">Princeton clarion-leader (Princeton, Ind. : Weekly)</subfield><subfield code="w">(DLC)sn 86058817</subfield><subfield code="w">(OCoLC)14558174</subfield></datafield></record>